@book{agresti,
  title={Statistics: The Art and Science of Learning from Data},
  author={Agresti, Alan and Franklin, Christine},
  year={2013},
  publisher={Pearson},
  edition = {3}
}


@article{logistic,
  title={Statistics for Clinicians: An Introduction to Logistic Regression},
  author={Wiest, Michelle M and Lee, Katherine J and Carlin, John B},
  journal={Journal of Paediatrics and Child Health},
  volume={51},
  number={7},
  pages={670--673},
  year={2015},
  publisher={Wiley Online Library}
}
